<record><leader>00000cas a22000007a 4500</leader><controlfield tag="001">23104971</controlfield><controlfield tag="008">910214d19151921mauwr ne      0    0eng d</controlfield><datafield ind1=" " ind2=" " tag="010"><subfield code="a">sn 91058002 </subfield></datafield><datafield ind1=" " ind2=" " tag="040"><subfield code="a">MGN</subfield><subfield code="b">eng</subfield><subfield code="c">MGN</subfield><subfield code="d">OCLCQ</subfield></datafield><datafield ind1=" " ind2=" " tag="042"><subfield code="a">msc</subfield></datafield><datafield ind1="0" ind2=" " tag="130"><subfield code="a">Watertown tribune-enterprise (Watertown, Mass. : 1915)</subfield></datafield><datafield ind1="1" ind2="0" tag="245"><subfield code="a">Watertown tribune-enterprise.</subfield></datafield><datafield ind1=" " ind2=" " tag="260"><subfield code="a">Watertown, Mass. :</subfield><subfield code="b">Tribune-Enterprise, Inc.</subfield></datafield><datafield ind1=" " ind2=" " tag="300"><subfield code="a">v.</subfield></datafield><datafield ind1=" " ind2=" " tag="310"><subfield code="a">Weekly</subfield></datafield><datafield ind1="0" ind2=" " tag="362"><subfield code="a">Vol. 46, no. 22 (Oct. 1, 1915)-v. 52, no. 30 (Nov. 18, 1921).</subfield></datafield><datafield ind1=" " ind2=" " tag="752"><subfield code="a">United States</subfield><subfield code="b">Massachusetts</subfield><subfield code="c">Middlesex</subfield><subfield code="d">Watertown.</subfield></datafield><datafield ind1="0" ind2="0" tag="780"><subfield code="t">Tribune-enterprise (Watertown, Mass. : 1903)</subfield><subfield code="w">(DLC)sn 91058001</subfield></datafield><datafield ind1="0" ind2="5" tag="780"><subfield code="t">Watertown free press</subfield></datafield><datafield ind1="0" ind2="0" tag="785"><subfield code="t">Tribune-enterprise (Watertown, Mass. : 1921)</subfield><subfield code="w">(DLC)sn 91058003</subfield></datafield></record>